@COMMENT below anteproyecto
@inproceedings{ conf/ismar/MiyashitaMTOESGGAL08,
	title = {An Augmented Reality museum guide},
	booktitle = {ISMAR},
	author = {Tsutomu Miyashita and Peter Georg Meier and Tomoya Tachikawa and Stephanie Orlic and Tobias Eble and Volker Scholz and Andreas Gapel and Oliver Gerl and Stanimir Arnaudov and Sebastian Lieberknecht},
	publisher = {IEEE},
	pages = {103--106},
	year = {2008},
	crossref = {conf/ismar/2008},
	url = {http://dx.doi.org/10.1109/ISMAR.2008.4637334},
	bibdate = {2009-07-01},
	bibsource = {DBLP, http://dblp.uni-trier.de/db/conf/ismar/ismar2008.html#MiyashitaMTOESGGAL08}
}

@INPROCEEDINGS{5711053, 
author={Jong-Hyoun Kim and Cho, T.}, 
booktitle={Computer Sciences and Convergence Information Technology (ICCIT), 2010 5th International Conference on}, 
title={The initiative experiments for utilizing real cards in online Trading Card Game}, 
year={2010}, 
pages={182--185}, 
keywords={augmented reality;behavioural sciences computing;computer games;human computer interaction;ubiquitous computing;user interfaces;camera-based interface;human-being behavior;interactive AR interfaces;online TCG game;online trading card game;real cards;texture;ubiquitous computing;user interaction;user perception;virtual information;Computer vision;Conferences;Games;Image motion analysis;Image recognition;Pixel;Tracking;Augmeted Reality;TCG game interface;camera-based;immersion to game;markerless}, 
doi={10.1109/ICCIT.2010.5711053},}

@inproceedings{ conf/cvpr/HinterstoisserLIFN10,
	title = {Dominant orientation templates for real-time detection of texture-less objects},
	booktitle = {CVPR},
	author = {Stefan Hinterstoisser and Vincent Lepetit and Slobodan Ilic and Pascal Fua and Nassir Navab},
	publisher = {IEEE},
	pages = {2257--2264},
	year = {2010},
	crossref = {conf/cvpr/2010},
	url = {http://dx.doi.org/10.1109/CVPR.2010.5539908},
	bibdate = {2010-11-02},
	bibsource = {DBLP, http://dblp.uni-trier.de/db/conf/cvpr/cvpr2010.html#HinterstoisserLIFN10}
}

@inproceedings{conf/ismar/KleinM07,
	title = {Parallel Tracking and Mapping for Small {AR} Workspaces},
	booktitle = {ISMAR},
	author = {Georg Klein and David W. Murray},
	publisher = {IEEE},
	pages = {225--234},
	year = {2007},
	crossref = {conf/ismar/2007},
	url = {http://dx.doi.org/10.1109/ISMAR.2007.4538852},
	bibdate = {2009-06-29},
	bibsource = {DBLP, http://dblp.uni-trier.de/db/conf/ismar/ismar2007.html#KleinM07}
}

@article{Lepetit:2005:MMT:1166405.1166406,
 author = {Lepetit, Vincent and Fua, Pascal},
 title = {Monocular model-based 3D tracking of rigid objects},
 journal = {Found. Trends. Comput. Graph. Vis.},
 issue_date = {2005},
 volume = {1},
 number = {1},
 month = jan,
 year = {2005},
 pages = {1--89},
 numpages = {89},
 url = {http://dx.doi.org/10.1561/0600000001},
 doi = {10.1561/0600000001},
 acmid = {1166406},
 publisher = {Now Publishers Inc.},
 address = {Hanover, MA, USA},
} 

@inproceedings{Takacs:2008:OAR:1460096.1460165,
 author = {Takacs, Gabriel and Chandrasekhar, Vijay and Gelfand, Natasha and Xiong, Yingen and Chen, Wei-Chao and Bismpigiannis, Thanos and Grzeszczuk, Radek and Pulli, Kari and Girod, Bernd},
 title = {Outdoors augmented reality on mobile phone using loxel-based visual feature organization},
 booktitle = {Proceedings of the 1st ACM international conference on Multimedia information retrieval},
 series = {MIR '08},
 year = {2008},
 location = {Vancouver, British Columbia, Canada},
 pages = {427--434},
 numpages = {8},
 url = {http://doi.acm.org/10.1145/1460096.1460165},
 doi = {10.1145/1460096.1460165},
 acmid = {1460165},
 publisher = {ACM},
 address = {New York, NY, USA},
 keywords = {augmented reality, geo-referenced photos, image search, local search, mobile computing, photo collections},
} 
@COMMENT above anteproyecto

@COMMENT cita01
@book{citeulike:3484001,
    author = {Bradski, Gary and Kaehler, Adrian},
    citeulike-article-id = {3484001},
    citeulike-linkout-0 = {http://www.amazon.ca/exec/obidos/redirect?tag=citeulike09-20\&amp;path=ASIN/0596516134},
    citeulike-linkout-1 = {http://www.amazon.de/exec/obidos/redirect?tag=citeulike01-21\&amp;path=ASIN/0596516134},
    citeulike-linkout-2 = {http://www.amazon.fr/exec/obidos/redirect?tag=citeulike06-21\&amp;path=ASIN/0596516134},
    citeulike-linkout-3 = {http://www.amazon.jp/exec/obidos/ASIN/0596516134},
    citeulike-linkout-4 = {http://www.amazon.co.uk/exec/obidos/ASIN/0596516134/citeulike00-21},
    citeulike-linkout-5 = {http://www.amazon.com/exec/obidos/redirect?tag=citeulike07-20\&path=ASIN/0596516134},
    citeulike-linkout-6 = {http://www.worldcat.org/isbn/0596516134},
    citeulike-linkout-7 = {http://books.google.com/books?vid=ISBN0596516134},
    citeulike-linkout-8 = {http://www.amazon.com/gp/search?keywords=0596516134\&index=books\&linkCode=qs},
    citeulike-linkout-9 = {http://www.librarything.com/isbn/0596516134},
    day = {01},
    edition = {1st},
    howpublished = {Paperback},
    keywords = {opencv},
    month = oct,
    posted-at = {2011-11-19 17:05:28},
    priority = {2},
    publisher = {O'Reilly Media},
    title = {{Learning OpenCV: Computer Vision with the OpenCV Library}},
    url = {http://www.worldcat.org/isbn/0596516134},
    year = {2008}
}

@COMMENT cita02
@book{citeulike:9456628,
    author = {Lagani\`{e}re, Robert},
    day = {30},
    howpublished = {Paperback},
    keywords = {opencv},
    month = jun,
    posted-at = {2011-11-19 17:05:39},
    priority = {2},
    publisher = {Packt Publishing},
    title = {{OpenCV 2 Computer Vision Application Programming Cookbook}},
    url = {http://www.worldcat.org/isbn/1849513244},
    year = {2011}
}

@book{bb1919,
  title={Computer Vision and Applications: {A} Guide for Students and Practitioners},
  author={J{\"a}hne, B. and Haussecker, H.},
  isbn={9780123797773},
  lccn={99068829},
  series={Electronics \& Electrical},
  url={http://books.google.com.ar/books?id=VDFauR-WbxUC},
  year={2000},
  publisher={Academic Press [Imprint]}
}
@COMMENT cita05
@inproceedings{conf/icra/2010,
	title = {Homography-based ground plane detection for mobile robot navigation using a Modified {EM} algorithm},
	booktitle = {ICRA},
	author = {Daniel Conrad and Guilherme N. DeSouza},
	publisher = {IEEE},
	pages = {910--915},
	year = {2010},
	url = {http://dx.doi.org/10.1109/ROBOT.2010.5509457},
	bibsource = {DBLP, http://dblp.uni-trier.de/db/conf/icra/icra2010.html#ConradD10}
}

@COMMENT cita11=cita29
@article{Bay:2008:SRF,
	title = {Speeded-Up {Robust} {Features} {(SURF)}},
	author = {Herbert Bay and Andreas Ess and Tinne Tuytelaars and Luc {Van Gool}},
	journal = {Computer Vision and Image Understanding: CVIU},
	pages = {346--359},
	volume = {110},
	number = {3},
	month = jun,
	year = {2008},
	acknowledgement = {Nelson H. F. Beebe, University of Utah, Department of Mathematics, 110 LCB, 155 S 1400 E RM 233, Salt Lake City, UT 84112-0090, USA, Tel: +1 801 581 5254, FAX: +1 801 581 4148, e-mail: \path|beebe@math.utah.edu|, \path|beebe@acm.org|, \path|beebe@computer.org| (Internet), URL: \path|http://www.math.utah.edu/~beebe/|},
	bibdate = {Sat Apr 2 10:55:55 MDT 2011},
	bibsource = {http://www.math.utah.edu/pub/tex/bib/cvgip.bib; http://www.sciencedirect.com/science/journal/10773142},
	fjournal = {Computer Vision and Image Understanding}
}

@COMMENT cita12
@article{bb53077,
	title = {A Performance Evaluation of Local Descriptors},
	author = {K. Mikolajczyk and C. Schmid},
	journal = {IEEE Trans. Pattern Analysis and Machine Intelligence},
	pages = {1615--1630},
	volume = {27},
	number = {10},
	month = oct,
	year = {2005},
	url = {http://dx.doi.org/10.1109/TPAMI.2005.188},
	bibsource = {http://www.visionbib.com/bibliography/match593.html#TT50453}
}

@COMMENT cita14
@article{WagnerRMDS10,
	title = {Real-Time Detection and Tracking for Augmented Reality on Mobile Phones},
	author = {Daniel Wagner and Gerhard Reitmayr and Alessandro Mulloni and Tom Drummond and Dieter Schmalstieg},
	journal = {IEEE Trans. Vis. Comput. Graph},
	pages = {355--368},
	volume = {16},
	number = {3},
	year = {2010},
	url = {http://doi.ieeecomputersociety.org/10.1109/TVCG.2009.99},
	bibdate = {2010-04-20},
	bibsource = {DBLP, http://dblp.uni-trier.de/db/journals/tvcg/tvcg16.html#WagnerRMDS10}
}

@COMMENT cita16
@article{TuytelaarsM07,
	title = {Local Invariant Feature Detectors: {A} Survey},
	author = {Tinne Tuytelaars and Krystian Mikolajczyk},
	journal = {Foundations and Trends in Computer Graphics and Vision},
	pages = {177--280},
	volume = {3},
	number = {3},
	year = {2007},
	url = {http://dx.doi.org/10.1561/0600000017},
	bibdate = {2008-07-04},
	bibsource = {DBLP, http://dblp.uni-trier.de/db/journals/ftcgv/ftcgv3.html#TuytelaarsM07}
}

@COMMENT cita20
@article{bb48614,
	title = {Local feature extraction and matching on range images: 2.5{D} {SIFT}},
	author = {T. W. R. Lo and J. P. Siebert},
	journal = {Computer Vision and Image Understanding},
	pages = {1235--1250},
	volume = {113},
	number = {12},
	month = dec,
	year = {2009},
	url = {http://dx.doi.org/10.1016/j.cviu.2009.06.005},
	bibsource = {http://www.visionbib.com/bibliography/match-pl5383dsurf.html#TT46319}
}

@COMMENT cita21
@book{Nixon:2002:FEI,
	title = {Feature extraction and image processing},
	author = {Mark S. Nixon and Alberto S. Aguado},
	publisher = {Newnes},
	address = {Oxford},
	pages = {xii + 350},
	year = {2002},
	keywords = {Matlab},
	acknowledgement = {Nelson H. F. Beebe, University of Utah, Department of Mathematics, 110 LCB, 155 S 1400 E RM 233, Salt Lake City, UT 84112-0090, USA, Tel: +1 801 581 5254, FAX: +1 801 581 4148, e-mail: \path|beebe@math.utah.edu|, \path|beebe@acm.org|, \path|beebe@computer.org| (Internet), URL: \path|http://www.math.utah.edu/~beebe/|},
	bibdate = {Wed Nov 16 14:29:16 MST 2005},
	bibsource = {http://www.math.utah.edu/pub/tex/bib/matlab.bib; z3950.loc.gov:7090/Voyager},
	LCCN = {TA1637 .N58 2002},
	subject = {Image processing; Traitement d'images}
}

@COMMENT cita24
@misc{Chen_markerlessaugmented,
	title = {Markerless Augmented Reality for Robots in Unprepared Environments},
	booktitle = {Australian Conference on Robotics and Automation 2008}
	author = {Ian Y-h Chen and Bruce Macdonald and Burkhard W{\"u}nsche},
	year = {2008}
}

@COMMENT cita25
@inproceedings{5607509,
author={Zhuo Chen and Xinyu Li},
booktitle={Educational and Information Technology (ICEIT), 2010 International Conference on}, 
title={Markless tracking based on natural feature for Augmented Reality},
year={2010},
month={sept.},
volume={2},
number={},
pages={126--129},
keywords={FAST algorithm;K-D tree;L-K optical flow algorithm;RANSAC;augmented reality;markless tracking;virtual 3D model;augmented reality;feature extraction;hidden feature removal;trees (mathematics);},
doi={10.1109/ICEIT.2010.5607509}}

@COMMENT cita36
@inproceedings{conf/iswc/2007,
	title = {Handy {AR}: Markerless Inspection of Augmented Reality Objects Using Fingertip Tracking},
	booktitle = {ISWC},
	author = {Taehee Lee and Tobias H{\"o}llerer},
	publisher = {IEEE},
	pages = {83--90},
	year = {2007},
	url = {http://ieeexplore.ieee.org/xpl/mostRecentIssue.jsp?punumber=4373753},
	bibdate = {2011-09-16},
	bibsource = {DBLP, http://dblp.uni-trier.de/db/conf/iswc/iswc2007.html#LeeH07}
}

@COMMENT cita38
@inproceedings{bb36798,
	title = {Fast Keypoint Recognition in Ten Lines of Code},
	booktitle = {CVPR},
	author = {M. Ozuysal and P. Fua and V. Lepetit},
	pages = {1--8},
	year = {2007},
	url = {http://dx.doi.org/10.1109/CVPR.2007.383123},
	bibsource = {http://www.visionbib.com/bibliography/stereo422.html#TT35117}
}

@COMMENT cita39
@phdthesis{BouGar,
author={\'Oscar Boullosa Garc\'ia},
booktitle={Proyecto Fin De Carrera, Universidad Aut\'onoma De Madrid Escuela Polit\'ecnica Superior}, 
title={Estudio comparativo de descriptores visuales para la detecci\'on de escenas cuasi-duplicadas},
year={2011}
}

@COMMENT cita44
@inproceedings{5739718,
author={Ahyun Lee and Jae-Young Lee and Seok-Han Lee and Jong-Soo Choi},
booktitle={Frontiers of Computer Vision (FCV), 2011 17th Korea-Japan Joint Workshop on}, 
title={Markerless augmented reality system based on planar object tracking},
year={2011},
month={feb.},
volume={},
number={},
pages={1--4},
keywords={desktop workspace;markerless augmented reality system;mobile computing environment;monocular camera tracking;planar object tracking;real-time camera tracking;reference map;virtual object registration;vision-based AR systems;augmented reality;image registration;target tracking;},
doi={10.1109/FCV.2011.5739718}}

@COMMENT cita45
@inproceedings{5478308,
author={Xinyu Li and Dongyi Chen},
booktitle={Information Management and Engineering (ICIME), 2010 The 2nd IEEE International Conference on}, 
title={Augmented reality in e-commerce with markerless tracking},
year={2010},
month={april},
volume={},
number={},
pages={609--613},
keywords={augmented reality;e-commerce;feature point correspondence;global feature matching;image feature;image sequence;markerless tracking;neural network image matching;scale invariant features;transient chaotic neural networks;virtual information;augmented reality;electronic commerce;feature extraction;image matching;image sequences;neural nets;tracking;},
doi={10.1109/ICIME.2010.5478308}}

@COMMENT cita46
@inproceedings{KimPW09,
	title = {Marker-Less Tracking for Multi-layer Authoring in {AR} Books},
	booktitle = {ICEC},
	series = {Lecture Notes in Computer Science},
	author = {Kiyoung Kim and Jonghee Park and Woontack Woo},
	editor = {St{\'e}phane Natkin and J{\'e}r{\^o}me Dupire},
	publisher = {Springer},
	pages = {48--59},
	volume = {5709},
	year = {2009},
	url = {http://dx.doi.org/10.1007/978-3-642-04052-8},
	bibdate = {2009-08-31},
	bibsource = {DBLP, http://dblp.uni-trier.de/db/conf/iwec/icec2009.html#KimPW09},
	booktitle1 = {Entertainment Computing - {ICEC} 2009, 8th International Conference, Paris, France, September 3-5, 2009. Proceedings}
}

@COMMENT cita47
@inproceedings{conf/ismar/2007,
	title = {Initializing Markerless Tracking Using a Simple Hand Gesture},
	booktitle = {ISMAR},
	author = {Taehee Lee and Tobias H{\"o}llerer},
	publisher = {IEEE},
	pages = {259--260},
	year = {2007},
	url = {http://dx.doi.org/10.1109/ISMAR.2007.4538856},
	bibdate = {2009-11-14},
	bibsource = {DBLP, http://dblp.uni-trier.de/db/conf/ismar/ismar2007.html#LeeH07}
}

@COMMENT cita48
@inproceedings{conf/ismar/2004,
	title = {Scene Modelling, Recognition and Tracking with Invariant Image Features},
	booktitle = {ISMAR},
	author = {Iryna Skrypnyk and David G. Lowe},
	publisher = {IEEE Computer Society},
	pages = {110--119},
	year = {2004},
	url = {http://doi.ieeecomputersociety.org/10.1109/ISMAR.2004.53},
	bibdate = {2005-01-18},
	bibsource = {DBLP, http://dblp.uni-trier.de/db/conf/ismar/ismar2004.html#SkrypnykL04}
}

@COMMENT cita53
@techreport{oai:infoscience.epfl.ch:52666,
	author = {Lepetit, Vincent and Fua, Pascal},
	citeulike-article-id = {11841144},
	institution = {Ecole Polytechnique F{\'e}d{\'e}rale de Lausanne},
	keywords = {computer-vision; feature-points},
	month = sep,
	number = {IC/2004/74},
	pdf = {Computer Vision\\Lepetit2004a.pdf},
	posted-at = {2012-12-12 17:48:00},
	priority = {0},
	title = {{Towards Recognizing Feature Points using Classification Trees}},
	type = {EPFL Technical Report},
	year = {2004}
}

@COMMENT cita61
@inproceedings{BenhimaneNGGNM08,
	title = {Planar Object Detection using Local Feature Descriptors},
	booktitle = {Information Sciences and Technologies Bulletin of the ACM Slovakia, Special Section on Student Research in Informatics and Information Technologies},
	author = {Michal Kottman},
	pages = {59--63},
	year = {2011},
}
@COMMENT cita62
@inproceedings{conf/visapp/BenhimaneNGGNM08,
	title = {Real-Time Object Detection and Tracking for Industrial Applications},
	booktitle = {VISAPP (2)},
	author = {Selim Benhimane and Hesam Najafi and Matthias Grundmann and Yakup Genc and Nassir Navab and Ezio Malis},
	editor = {Alpesh Ranchordas and Helder Ara{\'u}jo},
	publisher = {INSTICC - Institute for Systems and Technologies of Information, Control and Communication},
	pages = {337--345},
	year = {2008},
	bibdate = {2008-04-07},
	bibsource = {DBLP, http://dblp.uni-trier.de/db/conf/visapp/visapp2008-2.html#BenhimaneNGGNM08},
	booktitle1 = {{VISAPP} 2008: Proceedings of the Third International Conference on Computer Vision Theory and Applications, Funchal, Madeira, Portugal, January 22-25, 2008 - Volume 2}
}

@COMMENT cita64
@article{Azuma:2001:RAA:616073.618862,
 author = {Azuma, Ronald and Baillot, Yohan and Behringer, Reinhold and Feiner, Steven and Julier, Simon and MacIntyre, Blair},
 title = {Recent Advances in Augmented Reality},
 journal = {IEEE Comput. Graph. Appl.},
 issue_date = {November 2001},
 volume = {21},
 number = {6},
 month = nov,
 year = {2001},
 pages = {34--47},
 numpages = {14},
 url = {http://dx.doi.org/10.1109/38.963459},
 doi = {10.1109/38.963459},
 acmid = {618862},
 publisher = {IEEE Computer Society Press},
 address = {Los Alamitos, CA, USA},
} 

@COMMENT cita65
@techreport{1320421,
author={Ben Butchart},
booktitle={JISC Observatory}, 
title={Augmented Reality for Smartphones - A guide for developers and content publishers},
year={2011},
pages = {1--49},
}

@COMMENT cita66
@inproceedings{Milgram94augmentedreality,
    author = {Paul Milgram and Haruo Takemura and Akira Utsumi and Fumio Kishino},
    title = {Augmented Reality: A Class of Displays on the Reality-Virtuality Continuum},
    booktitle = {},
    year = {1994},
    pages = {282--292}
}
@ARTICLE{5672610, 
author={Fan-Chieh Cheng and Shih-Chia Huang and Shanq-Jang Ruan}, 
journal={Systems, Man, and Cybernetics, Part C: Applications and Reviews, IEEE Transactions on}, 
title={Scene Analysis for Object Detection in Advanced Surveillance Systems Using Laplacian Distribution Model}, 
year={2011}, 
volume={41}, 
number={5}, 
pages={589-598}, 
keywords={image motion analysis;object detection;video surveillance;Laplacian distribution model;background modeling module;background subtraction approach;binary object detection mask;block alarm module;moving object detection;object extraction module;scene analysis;surveillance systems;temporal differencing pixels;two-stage training procedure;Image analysis;Laplace equations;Motion detection;Object detection;Video surveillance;Background model;Laplacian distribution;motion detection;threshold selection;video surveillance}, 
doi={10.1109/TSMCC.2010.2092425}, 
ISSN={1094-6977},}