@inproceedings{bb23918,
	title = {Improving Descriptors for Fast Tree Matching by Optimal Linear Projection},
	booktitle = {ICCV},
	author = {K. Mikolajczyk and J. G. Matas},
	pages = {1--8},
	year = {2007},
	url = {http://dx.doi.org/10.1109/ICCV.2007.4408871},
	bibsource = {http://www.visionbib.com/bibliography/twod276.html#TT22972}
}

@article{AryaEtAl98,
 author = {Arya, Sunil and Mount, David M. and Netanyahu, Nathan S. and Silverman, Ruth and Wu, Angela Y.},
 title = {An optimal algorithm for approximate nearest neighbor searching fixed dimensions},
 journal = {J. ACM},
 issue_date = {Nov. 1998},
 volume = {45},
 number = {6},
 month = nov,
 year = {1998},
 issn = {0004-5411},
 pages = {891--923},
 numpages = {33},
 url = {http://doi.acm.org/10.1145/293347.293348},
 doi = {10.1145/293347.293348},
 acmid = {293348},
 publisher = {ACM},
 address = {New York, NY, USA},
 keywords = {approximation algorithms, box-decomposition trees, closet-point queries, nearest neighbor searching, post-office problem, priority search},
} 

@inproceedings{Beis:1997:SIU:794189.794431,
 author = {Beis, Jeffrey S. and Lowe, David G.},
 title = {Shape Indexing Using Approximate Nearest-Neighbour Search in High-Dimensional Spaces},
 booktitle = {Proceedings of the 1997 Conference on Computer Vision and Pattern Recognition (CVPR '97)},
 series = {CVPR '97},
 year = {1997},
 isbn = {0-8186-7822-4},
 pages = {1000--1006},
 url = {http://dl.acm.org/citation.cfm?id=794189.794431},
 acmid = {794431},
 publisher = {IEEE Computer Society},
 address = {Washington, DC, USA},
 keywords = {Shape indexing, Approximate nearest-neighbour search, Object recognition, Approximate k-d tree search, High-dimensional indexing},
} 

@inproceedings{VLDB95574,
	title = {Near Neighbor Search in Large Metric Spaces},
	booktitle = {Proceedings of the 21st International Conference on Very Large Data Bases ({VLDB} '95)},
	author = {S. Brin},
	publisher = {Morgan Kaufmann Publishers, Inc.},
	address = {San Francisco, Ca., USA},
	pages = {574--584},
	month = {sep},
	year = {1995},
	isbn = {1-55860-379-4}
}

@article{Fukunaga75,
	title = {A Branch and Bound Algorithm for Computing k-Nearest Neighbors},
	author = {Keinosuke Fukunaga and Patrenahalli M. Narendra},
	journal = {IEEE Transactions on Computers (TOC)},
	pages = {750--753},
	volume = {C-24},
	number = {7},
	month = {jul},
	year = {1975},
	keywords = {branch and bound, correspondence, distance computation, hierarchical decomposition, k-nearest neighbors, tree-search algorithm}
}

@inproceedings{bb78856,
 author = {Nister, David and Stewenius, Henrik},
 title = {Scalable Recognition with a Vocabulary Tree},
 booktitle = {Proceedings of the 2006 IEEE Computer Society Conference on Computer Vision and Pattern Recognition - Volume 2},
 series = {CVPR '06},
 year = {2006},
 isbn = {0-7695-2597-0},
 pages = {2161--2168},
 numpages = {8},
 url = {http://dx.doi.org/10.1109/CVPR.2006.264},
 doi = {10.1109/CVPR.2006.264},
 acmid = {1153548},
 publisher = {IEEE Computer Society},
 address = {Washington, DC, USA},
} 

@inproceedings{bb79759,
	attachments = {http://www.d2.mpi-inf.mpg.de/sites/default/files/leibe06bmvc.pdf},
	author = {Leibe, Bastian and Mikolajczyk, Krystian and Schiele, Bernt},
	booktitle = {{Proceedings of the British Machine Vision Conference}},
	isbn = {1-901725-32-4},
	note = {doi:10.5244/C.20.81},
	organization = {BMVA Press},
	pages = {81.1--81.10},
	publisher = {BMVA Press},
	title = {{Efficient Clustering and Matching for Object Class Recognition}},
	year = {2006}
}

@article{Silpa_KDTree,
	title = {{Localisation using an image-map}},
	author = {Richard Hartley and Chanop Slipa Anan},
	year = {2004},
	keywords = {classfication, image, kd-tree},
	citeulike-article-id = {4226814},
	posted-at = {2009-03-27 03:42:10},
	priority = {3}
	publisher = {The Australian National University and Nationl ICT Australia}
	pages = {1--8}
}

@inproceedings{bb77826,
	title = {Optimised {KD}-trees for fast image descriptor matching},
	booktitle = {CVPR},
	author = {C. Silpa Anan and R. I. Hartley},
	pages = {1--8},
	year = {2008},
	url = {http://dx.doi.org/10.1109/CVPR.2008.4587638},
	bibsource = {http://www.visionbib.com/bibliography/applicat800.html#TT74312}
}

@inproceedings{conf/scalespace/GwosdekGBW11,
  added-at = {2012-01-02T00:00:00.000+0100},
  author = {Gwosdek, Pascal and Grewenig, Sven and Bruhn, Andr√©s and Weickert, Joachim},
  biburl = {http://www.bibsonomy.org/bibtex/2d6e1da14e82da5ced11fe4f0c94209cd/dblp},
  booktitle = {SSVM},
  crossref = {conf/scalespace/2011},
  editor = {Bruckstein, Alfred M. and ter Haar Romeny, Bart M. and Bronstein, Alexander M. and Bronstein, Michael M.},
  ee = {http://dx.doi.org/10.1007/978-3-642-24785-9_38},
  interhash = {1f03085fc55e82f0777df00b0bbdeaf0},
  intrahash = {d6e1da14e82da5ced11fe4f0c94209cd},
  isbn = {978-3-642-24784-2},
  keywords = {dblp},
  pages = {447--458},
  publisher = {Springer},
  series = {Lecture Notes in Computer Science},
  timestamp = {2012-01-02T00:00:00.000+0100},
  title = {Theoretical Foundations of Gaussian Convolution by Extended Box Filtering.},
  url = {http://dblp.uni-trier.de/db/conf/scalespace/ssvm2011.html#GwosdekGBW11},
  volume = 6667,
  year = 2011
}